@article{uzzi2005collaboration,
  title={Collaboration and Creativity: The Small World Problem},
  author={Uzzi, Brian and Spiro, Jarrett},
  journal={American journal of sociology},
  volume={111},
  number={2},
  pages={447--504},
  year={2005},
  publisher={JSTOR}
}

@article{milgram1967small,
  title={The small world problem},
  author={Milgram, Stanley},
  journal={Psychology today},
  volume={2},
  number={1},
  pages={60--67},
  year={1967},
  publisher={New York}
}
